%YAML 1.1
%TAG !u! tag:unity3d.com,2011:
--- !u!29 &1
OcclusionCullingSettings:
  m_ObjectHideFlags: 0
  serializedVersion: 2
  m_OcclusionBakeSettings:
    smallestOccluder: 5
    smallestHole: 0.25
    backfaceThreshold: 100
  m_SceneGUID: 00000000000000000000000000000000
  m_OcclusionCullingData: {fileID: 0}
--- !u!104 &2
RenderSettings:
  m_ObjectHideFlags: 0
  serializedVersion: 9
  m_Fog: 0
  m_FogColor: {r: 0.5, g: 0.5, b: 0.5, a: 1}
  m_FogMode: 3
  m_FogDensity: 0.01
  m_LinearFogStart: 0
  m_LinearFogEnd: 300
  m_AmbientSkyColor: {r: 0.212, g: 0.227, b: 0.259, a: 1}
  m_AmbientEquatorColor: {r: 0.114, g: 0.125, b: 0.133, a: 1}
  m_AmbientGroundColor: {r: 0.047, g: 0.043, b: 0.035, a: 1}
  m_AmbientIntensity: 1
  m_AmbientMode: 3
  m_SubtractiveShadowColor: {r: 0.42, g: 0.478, b: 0.627, a: 1}
  m_SkyboxMaterial: {fileID: 0}
  m_HaloStrength: 0.5
  m_FlareStrength: 1
  m_FlareFadeSpeed: 3
  m_HaloTexture: {fileID: 0}
  m_SpotCookie: {fileID: 10001, guid: 0000000000000000e000000000000000, type: 0}
  m_DefaultReflectionMode: 0
  m_DefaultReflectionResolution: 128
  m_ReflectionBounces: 1
  m_ReflectionIntensity: 1
  m_CustomReflection: {fileID: 0}
  m_Sun: {fileID: 0}
  m_IndirectSpecularColor: {r: 0, g: 0, b: 0, a: 1}
  m_UseRadianceAmbientProbe: 0
--- !u!157 &3
LightmapSettings:
  m_ObjectHideFlags: 0
  serializedVersion: 11
  m_GIWorkflowMode: 1
  m_GISettings:
    serializedVersion: 2
    m_BounceScale: 1
    m_IndirectOutputScale: 1
    m_AlbedoBoost: 1
    m_EnvironmentLightingMode: 0
    m_EnableBakedLightmaps: 0
    m_EnableRealtimeLightmaps: 0
  m_LightmapEditorSettings:
    serializedVersion: 12
    m_Resolution: 2
    m_BakeResolution: 40
    m_AtlasSize: 1024
    m_AO: 0
    m_AOMaxDistance: 1
    m_CompAOExponent: 1
    m_CompAOExponentDirect: 0
    m_ExtractAmbientOcclusion: 0
    m_Padding: 2
    m_LightmapParameters: {fileID: 0}
    m_LightmapsBakeMode: 1
    m_TextureCompression: 1
    m_FinalGather: 0
    m_FinalGatherFiltering: 1
    m_FinalGatherRayCount: 256
    m_ReflectionCompression: 2
    m_MixedBakeMode: 2
    m_BakeBackend: 1
    m_PVRSampling: 1
    m_PVRDirectSampleCount: 32
    m_PVRSampleCount: 512
    m_PVRBounces: 2
    m_PVREnvironmentSampleCount: 256
    m_PVREnvironmentReferencePointCount: 2048
    m_PVRFilteringMode: 1
    m_PVRDenoiserTypeDirect: 1
    m_PVRDenoiserTypeIndirect: 1
    m_PVRDenoiserTypeAO: 1
    m_PVRFilterTypeDirect: 0
    m_PVRFilterTypeIndirect: 0
    m_PVRFilterTypeAO: 0
    m_PVREnvironmentMIS: 1
    m_PVRCulling: 1
    m_PVRFilteringGaussRadiusDirect: 1
    m_PVRFilteringGaussRadiusIndirect: 5
    m_PVRFilteringGaussRadiusAO: 2
    m_PVRFilteringAtrousPositionSigmaDirect: 0.5
    m_PVRFilteringAtrousPositionSigmaIndirect: 2
    m_PVRFilteringAtrousPositionSigmaAO: 1
    m_ShowResolutionOverlay: 1
    m_ExportTrainingData: 0
  m_LightingDataAsset: {fileID: 0}
  m_UseShadowmask: 1
--- !u!196 &4
NavMeshSettings:
  serializedVersion: 2
  m_ObjectHideFlags: 0
  m_BuildSettings:
    serializedVersion: 2
    agentTypeID: 0
    agentRadius: 0.5
    agentHeight: 2
    agentSlope: 45
    agentClimb: 0.4
    ledgeDropHeight: 0
    maxJumpAcrossDistance: 0
    minRegionArea: 2
    manualCellSize: 0
    cellSize: 0.16666667
    manualTileSize: 0
    tileSize: 256
    accuratePlacement: 0
    debug:
      m_Flags: 0
  m_NavMeshData: {fileID: 0}
--- !u!1 &424307008
GameObject:
  m_ObjectHideFlags: 0
  m_CorrespondingSourceObject: {fileID: 0}
  m_PrefabInstance: {fileID: 0}
  m_PrefabAsset: {fileID: 0}
  serializedVersion: 6
  m_Component:
  - component: {fileID: 424307011}
  - component: {fileID: 424307010}
  - component: {fileID: 424307009}
  m_Layer: 0
  m_Name: EventSystem
  m_TagString: Untagged
  m_Icon: {fileID: 0}
  m_NavMeshLayer: 0
  m_StaticEditorFlags: 0
  m_IsActive: 1
--- !u!114 &424307009
MonoBehaviour:
  m_ObjectHideFlags: 0
  m_CorrespondingSourceObject: {fileID: 0}
  m_PrefabInstance: {fileID: 0}
  m_PrefabAsset: {fileID: 0}
  m_GameObject: {fileID: 424307008}
  m_Enabled: 1
  m_EditorHideFlags: 0
  m_Script: {fileID: 1077351063, guid: f70555f144d8491a825f0804e09c671c, type: 3}
  m_Name: 
  m_EditorClassIdentifier: 
  m_HorizontalAxis: Horizontal
  m_VerticalAxis: Vertical
  m_SubmitButton: Submit
  m_CancelButton: Cancel
  m_InputActionsPerSecond: 10
  m_RepeatDelay: 0.5
  m_ForceModuleActive: 0
--- !u!114 &424307010
MonoBehaviour:
  m_ObjectHideFlags: 0
  m_CorrespondingSourceObject: {fileID: 0}
  m_PrefabInstance: {fileID: 0}
  m_PrefabAsset: {fileID: 0}
  m_GameObject: {fileID: 424307008}
  m_Enabled: 1
  m_EditorHideFlags: 0
  m_Script: {fileID: -619905303, guid: f70555f144d8491a825f0804e09c671c, type: 3}
  m_Name: 
  m_EditorClassIdentifier: 
  m_FirstSelected: {fileID: 0}
  m_sendNavigationEvents: 1
  m_DragThreshold: 10
--- !u!4 &424307011
Transform:
  m_ObjectHideFlags: 0
  m_CorrespondingSourceObject: {fileID: 0}
  m_PrefabInstance: {fileID: 0}
  m_PrefabAsset: {fileID: 0}
  m_GameObject: {fileID: 424307008}
  m_LocalRotation: {x: 0, y: 0, z: 0, w: 1}
  m_LocalPosition: {x: 0, y: 0, z: 0}
  m_LocalScale: {x: 1, y: 1, z: 1}
  m_Children: []
  m_Father: {fileID: 0}
  m_RootOrder: 0
  m_LocalEulerAnglesHint: {x: 0, y: 0, z: 0}
--- !u!4 &674634470 stripped
Transform:
  m_CorrespondingSourceObject: {fileID: 9215538473093375924, guid: a3f959b68a517d141af5069d24110d7a,
    type: 3}
  m_PrefabInstance: {fileID: 9215538473494854994}
  m_PrefabAsset: {fileID: 0}
--- !u!1001 &833582598
PrefabInstance:
  m_ObjectHideFlags: 0
  serializedVersion: 2
  m_Modification:
    m_TransformParent: {fileID: 1346071255}
    m_Modifications:
    - target: {fileID: 8809362648004009385, guid: ae58eed6a8922d341bdee77c97bb4e95,
        type: 3}
      propertyPath: m_Name
      value: ChunkBasis
      objectReference: {fileID: 0}
    - target: {fileID: 8809362648004009385, guid: ae58eed6a8922d341bdee77c97bb4e95,
        type: 3}
      propertyPath: m_IsActive
      value: 0
      objectReference: {fileID: 0}
    - target: {fileID: 8809362648004009384, guid: ae58eed6a8922d341bdee77c97bb4e95,
        type: 3}
      propertyPath: m_LocalPosition.x
      value: 0
      objectReference: {fileID: 0}
    - target: {fileID: 8809362648004009384, guid: ae58eed6a8922d341bdee77c97bb4e95,
        type: 3}
      propertyPath: m_LocalPosition.y
      value: 0
      objectReference: {fileID: 0}
    - target: {fileID: 8809362648004009384, guid: ae58eed6a8922d341bdee77c97bb4e95,
        type: 3}
      propertyPath: m_LocalPosition.z
      value: 0
      objectReference: {fileID: 0}
    - target: {fileID: 8809362648004009384, guid: ae58eed6a8922d341bdee77c97bb4e95,
        type: 3}
      propertyPath: m_LocalRotation.x
      value: 0
      objectReference: {fileID: 0}
    - target: {fileID: 8809362648004009384, guid: ae58eed6a8922d341bdee77c97bb4e95,
        type: 3}
      propertyPath: m_LocalRotation.y
      value: 0
      objectReference: {fileID: 0}
    - target: {fileID: 8809362648004009384, guid: ae58eed6a8922d341bdee77c97bb4e95,
        type: 3}
      propertyPath: m_LocalRotation.z
      value: 0
      objectReference: {fileID: 0}
    - target: {fileID: 8809362648004009384, guid: ae58eed6a8922d341bdee77c97bb4e95,
        type: 3}
      propertyPath: m_LocalRotation.w
      value: 1
      objectReference: {fileID: 0}
    - target: {fileID: 8809362648004009384, guid: ae58eed6a8922d341bdee77c97bb4e95,
        type: 3}
      propertyPath: m_RootOrder
      value: 1
      objectReference: {fileID: 0}
    - target: {fileID: 8809362648004009384, guid: ae58eed6a8922d341bdee77c97bb4e95,
        type: 3}
      propertyPath: m_LocalEulerAnglesHint.x
      value: 0
      objectReference: {fileID: 0}
    - target: {fileID: 8809362648004009384, guid: ae58eed6a8922d341bdee77c97bb4e95,
        type: 3}
      propertyPath: m_LocalEulerAnglesHint.y
      value: 0
      objectReference: {fileID: 0}
    - target: {fileID: 8809362648004009384, guid: ae58eed6a8922d341bdee77c97bb4e95,
        type: 3}
      propertyPath: m_LocalEulerAnglesHint.z
      value: 0
      objectReference: {fileID: 0}
    - target: {fileID: 8809362649132767063, guid: ae58eed6a8922d341bdee77c97bb4e95,
        type: 3}
      propertyPath: m_ColliderPaths.Array.size
      value: 0
      objectReference: {fileID: 0}
    m_RemovedComponents: []
  m_SourcePrefab: {fileID: 100100000, guid: ae58eed6a8922d341bdee77c97bb4e95, type: 3}
--- !u!4 &833582599 stripped
Transform:
  m_CorrespondingSourceObject: {fileID: 8809362648004009384, guid: ae58eed6a8922d341bdee77c97bb4e95,
    type: 3}
  m_PrefabInstance: {fileID: 833582598}
  m_PrefabAsset: {fileID: 0}
--- !u!1 &929235419
GameObject:
  m_ObjectHideFlags: 0
  m_CorrespondingSourceObject: {fileID: 0}
  m_PrefabInstance: {fileID: 0}
  m_PrefabAsset: {fileID: 0}
  serializedVersion: 6
  m_Component:
  - component: {fileID: 929235422}
  - component: {fileID: 929235421}
  - component: {fileID: 929235420}
  - component: {fileID: 929235423}
  m_Layer: 0
  m_Name: Main Camera
  m_TagString: MainCamera
  m_Icon: {fileID: 0}
  m_NavMeshLayer: 0
  m_StaticEditorFlags: 0
  m_IsActive: 1
--- !u!81 &929235420
AudioListener:
  m_ObjectHideFlags: 0
  m_CorrespondingSourceObject: {fileID: 0}
  m_PrefabInstance: {fileID: 0}
  m_PrefabAsset: {fileID: 0}
  m_GameObject: {fileID: 929235419}
  m_Enabled: 1
--- !u!20 &929235421
Camera:
  m_ObjectHideFlags: 0
  m_CorrespondingSourceObject: {fileID: 0}
  m_PrefabInstance: {fileID: 0}
  m_PrefabAsset: {fileID: 0}
  m_GameObject: {fileID: 929235419}
  m_Enabled: 1
  serializedVersion: 2
  m_ClearFlags: 1
  m_BackGroundColor: {r: 0, g: 0, b: 0, a: 0}
  m_projectionMatrixMode: 1
  m_GateFitMode: 2
  m_FOVAxisMode: 0
  m_SensorSize: {x: 36, y: 24}
  m_LensShift: {x: 0, y: 0}
  m_FocalLength: 50
  m_NormalizedViewPortRect:
    serializedVersion: 2
    x: 0
    y: 0
    width: 1
    height: 1
  near clip plane: 0.1
  far clip plane: 5000
  field of view: 40
  orthographic: 1
  orthographic size: 7
  m_Depth: -1
  m_CullingMask:
    serializedVersion: 2
    m_Bits: 4294967295
  m_RenderingPath: -1
  m_TargetTexture: {fileID: 0}
  m_TargetDisplay: 0
  m_TargetEye: 3
  m_HDR: 1
  m_AllowMSAA: 1
  m_AllowDynamicResolution: 0
  m_ForceIntoRT: 0
  m_OcclusionCulling: 1
  m_StereoConvergence: 10
  m_StereoSeparation: 0.022
--- !u!4 &929235422
Transform:
  m_ObjectHideFlags: 0
  m_CorrespondingSourceObject: {fileID: 0}
  m_PrefabInstance: {fileID: 0}
  m_PrefabAsset: {fileID: 0}
  m_GameObject: {fileID: 929235419}
  m_LocalRotation: {x: -0, y: -0, z: -0, w: 1}
  m_LocalPosition: {x: -0.4719, y: 10.531373, z: -10}
  m_LocalScale: {x: 1, y: 1, z: 1}
  m_Children: []
  m_Father: {fileID: 2139266648}
  m_RootOrder: 1
  m_LocalEulerAnglesHint: {x: 0, y: 0, z: 0}
--- !u!114 &929235423
MonoBehaviour:
  m_ObjectHideFlags: 0
  m_CorrespondingSourceObject: {fileID: 0}
  m_PrefabInstance: {fileID: 0}
  m_PrefabAsset: {fileID: 0}
  m_GameObject: {fileID: 929235419}
  m_Enabled: 1
  m_EditorHideFlags: 0
  m_Script: {fileID: 11500000, guid: 72ece51f2901e7445ab60da3685d6b5f, type: 3}
  m_Name: 
  m_EditorClassIdentifier: 
  m_ShowDebugText: 0
  m_ShowCameraFrustum: 1
  m_IgnoreTimeScale: 0
  m_WorldUpOverride: {fileID: 0}
  m_UpdateMethod: 2
  m_DefaultBlend:
    m_Style: 1
    m_Time: 2
    m_CustomCurve:
      serializedVersion: 2
      m_Curve: []
      m_PreInfinity: 2
      m_PostInfinity: 2
      m_RotationOrder: 4
  m_CustomBlends: {fileID: 0}
  m_CameraCutEvent:
    m_PersistentCalls:
      m_Calls: []
    m_TypeName: Cinemachine.CinemachineBrain+BrainEvent, Cinemachine, Version=0.0.0.0,
      Culture=neutral, PublicKeyToken=null
  m_CameraActivatedEvent:
    m_PersistentCalls:
      m_Calls: []
    m_TypeName: Cinemachine.CinemachineBrain+VcamActivatedEvent, Cinemachine, Version=0.0.0.0,
      Culture=neutral, PublicKeyToken=null
--- !u!1001 &1139026620
PrefabInstance:
  m_ObjectHideFlags: 0
  serializedVersion: 2
  m_Modification:
    m_TransformParent: {fileID: 0}
    m_Modifications:
    - target: {fileID: 5623013403816371992, guid: f3c28f04a4d486041b915d9db8117b7d,
        type: 3}
      propertyPath: m_Name
      value: UI
      objectReference: {fileID: 0}
    - target: {fileID: 5623013403816371993, guid: f3c28f04a4d486041b915d9db8117b7d,
        type: 3}
      propertyPath: m_LocalPosition.x
      value: 0
      objectReference: {fileID: 0}
    - target: {fileID: 5623013403816371993, guid: f3c28f04a4d486041b915d9db8117b7d,
        type: 3}
      propertyPath: m_LocalPosition.y
      value: 0
      objectReference: {fileID: 0}
    - target: {fileID: 5623013403816371993, guid: f3c28f04a4d486041b915d9db8117b7d,
        type: 3}
      propertyPath: m_LocalPosition.z
      value: 0
      objectReference: {fileID: 0}
    - target: {fileID: 5623013403816371993, guid: f3c28f04a4d486041b915d9db8117b7d,
        type: 3}
      propertyPath: m_LocalRotation.x
      value: 0
      objectReference: {fileID: 0}
    - target: {fileID: 5623013403816371993, guid: f3c28f04a4d486041b915d9db8117b7d,
        type: 3}
      propertyPath: m_LocalRotation.y
      value: 0
      objectReference: {fileID: 0}
    - target: {fileID: 5623013403816371993, guid: f3c28f04a4d486041b915d9db8117b7d,
        type: 3}
      propertyPath: m_LocalRotation.z
      value: 0
      objectReference: {fileID: 0}
    - target: {fileID: 5623013403816371993, guid: f3c28f04a4d486041b915d9db8117b7d,
        type: 3}
      propertyPath: m_LocalRotation.w
      value: 1
      objectReference: {fileID: 0}
    - target: {fileID: 5623013403816371993, guid: f3c28f04a4d486041b915d9db8117b7d,
        type: 3}
      propertyPath: m_RootOrder
      value: 5
      objectReference: {fileID: 0}
    - target: {fileID: 5623013403816371993, guid: f3c28f04a4d486041b915d9db8117b7d,
        type: 3}
      propertyPath: m_LocalEulerAnglesHint.x
      value: 0
      objectReference: {fileID: 0}
    - target: {fileID: 5623013403816371993, guid: f3c28f04a4d486041b915d9db8117b7d,
        type: 3}
      propertyPath: m_LocalEulerAnglesHint.y
      value: 0
      objectReference: {fileID: 0}
    - target: {fileID: 5623013403816371993, guid: f3c28f04a4d486041b915d9db8117b7d,
        type: 3}
      propertyPath: m_LocalEulerAnglesHint.z
      value: 0
      objectReference: {fileID: 0}
    - target: {fileID: 4773947890312453932, guid: f3c28f04a4d486041b915d9db8117b7d,
        type: 3}
      propertyPath: m_Camera
      value: 
      objectReference: {fileID: 929235421}
    - target: {fileID: 723050386, guid: f3c28f04a4d486041b915d9db8117b7d, type: 3}
      propertyPath: m_OnClick.m_PersistentCalls.m_Calls.Array.data[0].m_Target
      value: 
      objectReference: {fileID: 1876189329}
    - target: {fileID: 1508003713, guid: f3c28f04a4d486041b915d9db8117b7d, type: 3}
      propertyPath: m_IsActive
      value: 0
      objectReference: {fileID: 0}
    - target: {fileID: 491881276, guid: f3c28f04a4d486041b915d9db8117b7d, type: 3}
      propertyPath: m_OnClick.m_PersistentCalls.m_Calls.Array.data[0].m_Target
      value: 
      objectReference: {fileID: 1876189329}
    m_RemovedComponents: []
  m_SourcePrefab: {fileID: 100100000, guid: f3c28f04a4d486041b915d9db8117b7d, type: 3}
--- !u!1 &1346071253
GameObject:
  m_ObjectHideFlags: 0
  m_CorrespondingSourceObject: {fileID: 0}
  m_PrefabInstance: {fileID: 0}
  m_PrefabAsset: {fileID: 0}
  serializedVersion: 6
  m_Component:
  - component: {fileID: 1346071255}
  - component: {fileID: 1346071254}
  - component: {fileID: 1346071256}
  - component: {fileID: 1346071257}
  m_Layer: 2
  m_Name: '---Grid Level'
  m_TagString: Untagged
  m_Icon: {fileID: 0}
  m_NavMeshLayer: 0
  m_StaticEditorFlags: 0
  m_IsActive: 1
--- !u!156049354 &1346071254
Grid:
  m_ObjectHideFlags: 0
  m_CorrespondingSourceObject: {fileID: 0}
  m_PrefabInstance: {fileID: 0}
  m_PrefabAsset: {fileID: 0}
  m_GameObject: {fileID: 1346071253}
  m_Enabled: 1
  m_CellSize: {x: 1, y: 1, z: 0}
  m_CellGap: {x: 0, y: 0, z: 0}
  m_CellLayout: 0
  m_CellSwizzle: 0
--- !u!4 &1346071255
Transform:
  m_ObjectHideFlags: 0
  m_CorrespondingSourceObject: {fileID: 0}
  m_PrefabInstance: {fileID: 0}
  m_PrefabAsset: {fileID: 0}
  m_GameObject: {fileID: 1346071253}
  m_LocalRotation: {x: 0, y: 0, z: 0, w: 1}
  m_LocalPosition: {x: 0, y: 0, z: 0}
  m_LocalScale: {x: 1, y: 1, z: 1}
  m_Children:
  - {fileID: 7591700674753534257}
  - {fileID: 833582599}
  - {fileID: 1832608390000187652}
  - {fileID: 2842259572156776442}
  m_Father: {fileID: 0}
  m_RootOrder: 3
  m_LocalEulerAnglesHint: {x: 0, y: 0, z: 0}
--- !u!114 &1346071256
MonoBehaviour:
  m_ObjectHideFlags: 0
  m_CorrespondingSourceObject: {fileID: 0}
  m_PrefabInstance: {fileID: 0}
  m_PrefabAsset: {fileID: 0}
  m_GameObject: {fileID: 1346071253}
  m_Enabled: 1
  m_EditorHideFlags: 0
  m_Script: {fileID: 11500000, guid: fabd52a8e44b7a44ea121fb3aadac279, type: 3}
  m_Name: 
  m_EditorClassIdentifier: 
  _levelOrder: {fileID: 11400000, guid: a2a855e3a93b9f841a3de0f8a55706f2, type: 2}
--- !u!60 &1346071257
PolygonCollider2D:
  m_ObjectHideFlags: 0
  m_CorrespondingSourceObject: {fileID: 0}
  m_PrefabInstance: {fileID: 0}
  m_PrefabAsset: {fileID: 0}
  m_GameObject: {fileID: 1346071253}
  m_Enabled: 1
  m_Density: 1
  m_Material: {fileID: 0}
  m_IsTrigger: 1
  m_UsedByEffector: 0
  m_UsedByComposite: 0
  m_Offset: {x: 0, y: 0}
  m_SpriteTilingProperty:
    border: {x: 0, y: 0, z: 0, w: 0}
    pivot: {x: 0, y: 0}
    oldSize: {x: 0, y: 0}
    newSize: {x: 0, y: 0}
    adaptiveTilingThreshold: 0
    drawMode: 0
    adaptiveTiling: 0
  m_AutoTiling: 0
  m_Points:
    m_Paths:
    - - {x: 5.5064526, y: 17.587015}
      - {x: -5.643592, y: 17.524448}
      - {x: -5.6908517, y: -18.664394}
      - {x: 5.4764647, y: -19.134472}
--- !u!4 &1394353312 stripped
Transform:
  m_CorrespondingSourceObject: {fileID: 6068068100962758359, guid: f4f4bb02801fac643b4f8ebedcba365b,
    type: 3}
  m_PrefabInstance: {fileID: 2094703387}
  m_PrefabAsset: {fileID: 0}
--- !u!1 &1419058334 stripped
GameObject:
  m_CorrespondingSourceObject: {fileID: 1419058334, guid: f3c28f04a4d486041b915d9db8117b7d,
    type: 3}
  m_PrefabInstance: {fileID: 1139026620}
  m_PrefabAsset: {fileID: 0}
--- !u!1 &1508003713 stripped
GameObject:
  m_CorrespondingSourceObject: {fileID: 1508003713, guid: f3c28f04a4d486041b915d9db8117b7d,
    type: 3}
  m_PrefabInstance: {fileID: 1139026620}
  m_PrefabAsset: {fileID: 0}
--- !u!1 &1876189328
GameObject:
  m_ObjectHideFlags: 0
  m_CorrespondingSourceObject: {fileID: 0}
  m_PrefabInstance: {fileID: 0}
  m_PrefabAsset: {fileID: 0}
  serializedVersion: 6
  m_Component:
  - component: {fileID: 1876189331}
  - component: {fileID: 1876189330}
  - component: {fileID: 1876189329}
  m_Layer: 0
  m_Name: '---Game Controller'
  m_TagString: Untagged
  m_Icon: {fileID: 0}
  m_NavMeshLayer: 0
  m_StaticEditorFlags: 0
  m_IsActive: 1
--- !u!114 &1876189329
MonoBehaviour:
  m_ObjectHideFlags: 0
  m_CorrespondingSourceObject: {fileID: 0}
  m_PrefabInstance: {fileID: 0}
  m_PrefabAsset: {fileID: 0}
  m_GameObject: {fileID: 1876189328}
  m_Enabled: 1
  m_EditorHideFlags: 0
  m_Script: {fileID: 11500000, guid: a1812cdd911f08e42b993478f41614d8, type: 3}
  m_Name: 
  m_EditorClassIdentifier: 
  _finishGameUI: {fileID: 1419058334}
  _gameOverUI: {fileID: 1508003713}
--- !u!114 &1876189330
MonoBehaviour:
  m_ObjectHideFlags: 0
  m_CorrespondingSourceObject: {fileID: 0}
  m_PrefabInstance: {fileID: 0}
  m_PrefabAsset: {fileID: 0}
  m_GameObject: {fileID: 1876189328}
  m_Enabled: 1
  m_EditorHideFlags: 0
  m_Script: {fileID: 11500000, guid: 567340a289a974c43ac7c5784fbf5d66, type: 3}
  m_Name: 
  m_EditorClassIdentifier: 
--- !u!4 &1876189331
Transform:
  m_ObjectHideFlags: 0
  m_CorrespondingSourceObject: {fileID: 0}
  m_PrefabInstance: {fileID: 0}
  m_PrefabAsset: {fileID: 0}
  m_GameObject: {fileID: 1876189328}
  m_LocalRotation: {x: 0, y: 0, z: 0, w: 1}
  m_LocalPosition: {x: 8.933203, y: -15.117398, z: -1084.1832}
  m_LocalScale: {x: 1, y: 1, z: 1}
  m_Children: []
  m_Father: {fileID: 0}
  m_RootOrder: 1
  m_LocalEulerAnglesHint: {x: 0, y: 0, z: 0}
--- !u!1001 &2094703387
PrefabInstance:
  m_ObjectHideFlags: 0
  serializedVersion: 2
  m_Modification:
    m_TransformParent: {fileID: 0}
    m_Modifications:
    - target: {fileID: 6068068100962758357, guid: f4f4bb02801fac643b4f8ebedcba365b,
        type: 3}
      propertyPath: m_Name
      value: '---Player'
      objectReference: {fileID: 0}
    - target: {fileID: 6068068100962758359, guid: f4f4bb02801fac643b4f8ebedcba365b,
        type: 3}
      propertyPath: m_LocalPosition.x
      value: -0.5
      objectReference: {fileID: 0}
    - target: {fileID: 6068068100962758359, guid: f4f4bb02801fac643b4f8ebedcba365b,
        type: 3}
      propertyPath: m_LocalPosition.y
      value: 18.339
      objectReference: {fileID: 0}
    - target: {fileID: 6068068100962758359, guid: f4f4bb02801fac643b4f8ebedcba365b,
        type: 3}
      propertyPath: m_LocalPosition.z
      value: 0
      objectReference: {fileID: 0}
    - target: {fileID: 6068068100962758359, guid: f4f4bb02801fac643b4f8ebedcba365b,
        type: 3}
      propertyPath: m_LocalRotation.x
      value: 0
      objectReference: {fileID: 0}
    - target: {fileID: 6068068100962758359, guid: f4f4bb02801fac643b4f8ebedcba365b,
        type: 3}
      propertyPath: m_LocalRotation.y
      value: 0
      objectReference: {fileID: 0}
    - target: {fileID: 6068068100962758359, guid: f4f4bb02801fac643b4f8ebedcba365b,
        type: 3}
      propertyPath: m_LocalRotation.z
      value: 0
      objectReference: {fileID: 0}
    - target: {fileID: 6068068100962758359, guid: f4f4bb02801fac643b4f8ebedcba365b,
        type: 3}
      propertyPath: m_LocalRotation.w
      value: 1
      objectReference: {fileID: 0}
    - target: {fileID: 6068068100962758359, guid: f4f4bb02801fac643b4f8ebedcba365b,
        type: 3}
      propertyPath: m_RootOrder
      value: 4
      objectReference: {fileID: 0}
    - target: {fileID: 6068068100962758359, guid: f4f4bb02801fac643b4f8ebedcba365b,
        type: 3}
      propertyPath: m_LocalEulerAnglesHint.x
      value: 0
      objectReference: {fileID: 0}
    - target: {fileID: 6068068100962758359, guid: f4f4bb02801fac643b4f8ebedcba365b,
        type: 3}
      propertyPath: m_LocalEulerAnglesHint.y
      value: 0
      objectReference: {fileID: 0}
    - target: {fileID: 6068068100962758359, guid: f4f4bb02801fac643b4f8ebedcba365b,
        type: 3}
      propertyPath: m_LocalEulerAnglesHint.z
      value: 0
      objectReference: {fileID: 0}
    m_RemovedComponents: []
  m_SourcePrefab: {fileID: 100100000, guid: f4f4bb02801fac643b4f8ebedcba365b, type: 3}
--- !u!1 &2139266647
GameObject:
  m_ObjectHideFlags: 0
  m_CorrespondingSourceObject: {fileID: 0}
  m_PrefabInstance: {fileID: 0}
  m_PrefabAsset: {fileID: 0}
  serializedVersion: 6
  m_Component:
  - component: {fileID: 2139266648}
  m_Layer: 0
  m_Name: '---Camera'
  m_TagString: Untagged
  m_Icon: {fileID: 0}
  m_NavMeshLayer: 0
  m_StaticEditorFlags: 0
  m_IsActive: 1
--- !u!4 &2139266648
Transform:
  m_ObjectHideFlags: 0
  m_CorrespondingSourceObject: {fileID: 0}
  m_PrefabInstance: {fileID: 0}
  m_PrefabAsset: {fileID: 0}
  m_GameObject: {fileID: 2139266647}
  m_LocalRotation: {x: 0, y: 0, z: 0, w: 1}
  m_LocalPosition: {x: 0, y: 0, z: 0}
  m_LocalScale: {x: 1, y: 1, z: 1}
  m_Children:
  - {fileID: 674634470}
  - {fileID: 929235422}
  m_Father: {fileID: 0}
  m_RootOrder: 2
  m_LocalEulerAnglesHint: {x: 0, y: 0, z: 0}
--- !u!4 &1832608390000187652 stripped
Transform:
  m_CorrespondingSourceObject: {fileID: 8045640855858915156, guid: fd3ffbfd698f56c41a167d67de31143f,
    type: 3}
  m_PrefabInstance: {fileID: 8559478274823798352}
  m_PrefabAsset: {fileID: 0}
--- !u!1001 &2842259572156776441
PrefabInstance:
  m_ObjectHideFlags: 0
  serializedVersion: 2
  m_Modification:
    m_TransformParent: {fileID: 1346071255}
    m_Modifications:
    - target: {fileID: 1404794234346465689, guid: 46cb33333884bfd41b545766c9e5a394,
        type: 3}
      propertyPath: m_Name
      value: ChunkLevel_03_01
      objectReference: {fileID: 0}
    - target: {fileID: 1404794234346465688, guid: 46cb33333884bfd41b545766c9e5a394,
        type: 3}
      propertyPath: m_LocalPosition.x
      value: 0
      objectReference: {fileID: 0}
    - target: {fileID: 1404794234346465688, guid: 46cb33333884bfd41b545766c9e5a394,
        type: 3}
      propertyPath: m_LocalPosition.y
      value: 0
      objectReference: {fileID: 0}
    - target: {fileID: 1404794234346465688, guid: 46cb33333884bfd41b545766c9e5a394,
        type: 3}
      propertyPath: m_LocalPosition.z
      value: 0
      objectReference: {fileID: 0}
    - target: {fileID: 1404794234346465688, guid: 46cb33333884bfd41b545766c9e5a394,
        type: 3}
      propertyPath: m_LocalRotation.x
      value: 0
      objectReference: {fileID: 0}
    - target: {fileID: 1404794234346465688, guid: 46cb33333884bfd41b545766c9e5a394,
        type: 3}
      propertyPath: m_LocalRotation.y
      value: 0
      objectReference: {fileID: 0}
    - target: {fileID: 1404794234346465688, guid: 46cb33333884bfd41b545766c9e5a394,
        type: 3}
      propertyPath: m_LocalRotation.z
      value: 0
      objectReference: {fileID: 0}
    - target: {fileID: 1404794234346465688, guid: 46cb33333884bfd41b545766c9e5a394,
        type: 3}
      propertyPath: m_LocalRotation.w
      value: 1
      objectReference: {fileID: 0}
    - target: {fileID: 1404794234346465688, guid: 46cb33333884bfd41b545766c9e5a394,
        type: 3}
      propertyPath: m_RootOrder
      value: 3
      objectReference: {fileID: 0}
    - target: {fileID: 1404794234346465688, guid: 46cb33333884bfd41b545766c9e5a394,
        type: 3}
      propertyPath: m_LocalEulerAnglesHint.x
      value: 0
      objectReference: {fileID: 0}
    - target: {fileID: 1404794234346465688, guid: 46cb33333884bfd41b545766c9e5a394,
        type: 3}
      propertyPath: m_LocalEulerAnglesHint.y
      value: 0
      objectReference: {fileID: 0}
    - target: {fileID: 1404794234346465688, guid: 46cb33333884bfd41b545766c9e5a394,
        type: 3}
      propertyPath: m_LocalEulerAnglesHint.z
      value: 0
      objectReference: {fileID: 0}
    - target: {fileID: 4354949253472770050, guid: 46cb33333884bfd41b545766c9e5a394,
        type: 3}
      propertyPath: m_Size.x
      value: 3.55
      objectReference: {fileID: 0}
    m_RemovedComponents: []
  m_SourcePrefab: {fileID: 100100000, guid: 46cb33333884bfd41b545766c9e5a394, type: 3}
--- !u!4 &2842259572156776442 stripped
Transform:
  m_CorrespondingSourceObject: {fileID: 1404794234346465688, guid: 46cb33333884bfd41b545766c9e5a394,
    type: 3}
  m_PrefabInstance: {fileID: 2842259572156776441}
  m_PrefabAsset: {fileID: 0}
--- !u!1001 &5806957473214170851
PrefabInstance:
  m_ObjectHideFlags: 0
  serializedVersion: 2
  m_Modification:
    m_TransformParent: {fileID: 1346071255}
    m_Modifications:
    - target: {fileID: 4165080358267396051, guid: 05e9a846e5c554440abb7c5d77e8bd37,
        type: 3}
      propertyPath: m_Name
      value: ChunkStart
      objectReference: {fileID: 0}
    - target: {fileID: 4165080358267396051, guid: 05e9a846e5c554440abb7c5d77e8bd37,
        type: 3}
      propertyPath: m_IsActive
      value: 0
      objectReference: {fileID: 0}
    - target: {fileID: 4165080358267396050, guid: 05e9a846e5c554440abb7c5d77e8bd37,
        type: 3}
      propertyPath: m_LocalPosition.x
      value: 0
      objectReference: {fileID: 0}
    - target: {fileID: 4165080358267396050, guid: 05e9a846e5c554440abb7c5d77e8bd37,
        type: 3}
      propertyPath: m_LocalPosition.y
      value: 23
      objectReference: {fileID: 0}
    - target: {fileID: 4165080358267396050, guid: 05e9a846e5c554440abb7c5d77e8bd37,
        type: 3}
      propertyPath: m_LocalPosition.z
      value: 0
      objectReference: {fileID: 0}
    - target: {fileID: 4165080358267396050, guid: 05e9a846e5c554440abb7c5d77e8bd37,
        type: 3}
      propertyPath: m_LocalRotation.x
      value: 0
      objectReference: {fileID: 0}
    - target: {fileID: 4165080358267396050, guid: 05e9a846e5c554440abb7c5d77e8bd37,
        type: 3}
      propertyPath: m_LocalRotation.y
      value: 0
      objectReference: {fileID: 0}
    - target: {fileID: 4165080358267396050, guid: 05e9a846e5c554440abb7c5d77e8bd37,
        type: 3}
      propertyPath: m_LocalRotation.z
      value: 0
      objectReference: {fileID: 0}
    - target: {fileID: 4165080358267396050, guid: 05e9a846e5c554440abb7c5d77e8bd37,
        type: 3}
      propertyPath: m_LocalRotation.w
      value: 1
      objectReference: {fileID: 0}
    - target: {fileID: 4165080358267396050, guid: 05e9a846e5c554440abb7c5d77e8bd37,
        type: 3}
      propertyPath: m_RootOrder
      value: 0
      objectReference: {fileID: 0}
    - target: {fileID: 4165080358267396050, guid: 05e9a846e5c554440abb7c5d77e8bd37,
        type: 3}
      propertyPath: m_LocalEulerAnglesHint.x
      value: 0
      objectReference: {fileID: 0}
    - target: {fileID: 4165080358267396050, guid: 05e9a846e5c554440abb7c5d77e8bd37,
        type: 3}
      propertyPath: m_LocalEulerAnglesHint.y
      value: 0
      objectReference: {fileID: 0}
    - target: {fileID: 4165080358267396050, guid: 05e9a846e5c554440abb7c5d77e8bd37,
        type: 3}
      propertyPath: m_LocalEulerAnglesHint.z
      value: 0
      objectReference: {fileID: 0}
    - target: {fileID: 4165080359274583341, guid: 05e9a846e5c554440abb7c5d77e8bd37,
        type: 3}
      propertyPath: m_ColliderPaths.Array.size
      value: 0
      objectReference: {fileID: 0}
    - target: {fileID: 4165080359274583341, guid: 05e9a846e5c554440abb7c5d77e8bd37,
        type: 3}
      propertyPath: m_ColliderPaths.Array.data[0].m_ColliderPaths.Array.data[0].Array.data[0].X
      value: 39999971
      objectReference: {fileID: 0}
    - target: {fileID: 4165080359274583341, guid: 05e9a846e5c554440abb7c5d77e8bd37,
        type: 3}
      propertyPath: m_ColliderPaths.Array.data[0].m_ColliderPaths.Array.data[0].Array.data[0].Y
      value: -120000000
      objectReference: {fileID: 0}
    - target: {fileID: 4165080359274583341, guid: 05e9a846e5c554440abb7c5d77e8bd37,
        type: 3}
      propertyPath: m_ColliderPaths.Array.data[0].m_ColliderPaths.Array.data[0].Array.data[1].X
      value: 39999971
      objectReference: {fileID: 0}
    - target: {fileID: 4165080359274583341, guid: 05e9a846e5c554440abb7c5d77e8bd37,
        type: 3}
      propertyPath: m_ColliderPaths.Array.data[0].m_ColliderPaths.Array.data[0].Array.data[1].Y
      value: -60000000
      objectReference: {fileID: 0}
    - target: {fileID: 4165080359274583341, guid: 05e9a846e5c554440abb7c5d77e8bd37,
        type: 3}
      propertyPath: m_ColliderPaths.Array.data[0].m_ColliderPaths.Array.data[0].Array.data[2].X
      value: 0
      objectReference: {fileID: 0}
    - target: {fileID: 4165080359274583341, guid: 05e9a846e5c554440abb7c5d77e8bd37,
        type: 3}
      propertyPath: m_ColliderPaths.Array.data[0].m_ColliderPaths.Array.data[0].Array.data[2].Y
      value: -60000029
      objectReference: {fileID: 0}
    - target: {fileID: 4165080359274583341, guid: 05e9a846e5c554440abb7c5d77e8bd37,
        type: 3}
      propertyPath: m_ColliderPaths.Array.data[0].m_ColliderPaths.Array.data[0].Array.data[3].X
      value: 29
      objectReference: {fileID: 0}
    - target: {fileID: 4165080359274583341, guid: 05e9a846e5c554440abb7c5d77e8bd37,
        type: 3}
      propertyPath: m_ColliderPaths.Array.data[0].m_ColliderPaths.Array.data[0].Array.data[3].Y
      value: -65312500
      objectReference: {fileID: 0}
    - target: {fileID: 4165080359274583341, guid: 05e9a846e5c554440abb7c5d77e8bd37,
        type: 3}
      propertyPath: m_ColliderPaths.Array.data[0].m_ColliderPaths.Array.data[0].Array.data[4].X
      value: 20000000
      objectReference: {fileID: 0}
    - target: {fileID: 4165080359274583341, guid: 05e9a846e5c554440abb7c5d77e8bd37,
        type: 3}
      propertyPath: m_ColliderPaths.Array.data[0].m_ColliderPaths.Array.data[0].Array.data[4].Y
      value: -65312529
      objectReference: {fileID: 0}
    - target: {fileID: 4165080359274583341, guid: 05e9a846e5c554440abb7c5d77e8bd37,
        type: 3}
      propertyPath: m_ColliderPaths.Array.data[0].m_ColliderPaths.Array.data[0].Array.data[5].X
      value: 20000029
      objectReference: {fileID: 0}
    - target: {fileID: 4165080359274583341, guid: 05e9a846e5c554440abb7c5d77e8bd37,
        type: 3}
      propertyPath: m_ColliderPaths.Array.data[0].m_ColliderPaths.Array.data[0].Array.data[5].Y
      value: -70000000
      objectReference: {fileID: 0}
    - target: {fileID: 4165080359274583341, guid: 05e9a846e5c554440abb7c5d77e8bd37,
        type: 3}
      propertyPath: m_ColliderPaths.Array.data[0].m_ColliderPaths.Array.data[0].Array.data[6].X
      value: 24687500
      objectReference: {fileID: 0}
    - target: {fileID: 4165080359274583341, guid: 05e9a846e5c554440abb7c5d77e8bd37,
        type: 3}
      propertyPath: m_ColliderPaths.Array.data[0].m_ColliderPaths.Array.data[0].Array.data[6].Y
      value: -70000029
      objectReference: {fileID: 0}
    - target: {fileID: 4165080359274583341, guid: 05e9a846e5c554440abb7c5d77e8bd37,
        type: 3}
      propertyPath: m_ColliderPaths.Array.data[0].m_ColliderPaths.Array.data[0].Array.data[7].X
      value: 24687508
      objectReference: {fileID: 0}
    - target: {fileID: 4165080359274583341, guid: 05e9a846e5c554440abb7c5d77e8bd37,
        type: 3}
      propertyPath: m_ColliderPaths.Array.data[0].m_ColliderPaths.Array.data[0].Array.data[7].Y
      value: -75000006
      objectReference: {fileID: 0}
    - target: {fileID: 4165080359274583341, guid: 05e9a846e5c554440abb7c5d77e8bd37,
        type: 3}
      propertyPath: m_ColliderPaths.Array.data[0].m_ColliderPaths.Array.data[0].Array.data[8].X
      value: 25000012
      objectReference: {fileID: 0}
    - target: {fileID: 4165080359274583341, guid: 05e9a846e5c554440abb7c5d77e8bd37,
        type: 3}
      propertyPath: m_ColliderPaths.Array.data[0].m_ColliderPaths.Array.data[0].Array.data[8].Y
      value: -75312496
      objectReference: {fileID: 0}
    - target: {fileID: 4165080359274583341, guid: 05e9a846e5c554440abb7c5d77e8bd37,
        type: 3}
      propertyPath: m_ColliderPaths.Array.data[0].m_ColliderPaths.Array.data[0].Array.data[9].X
      value: 30000000
      objectReference: {fileID: 0}
    - target: {fileID: 4165080359274583341, guid: 05e9a846e5c554440abb7c5d77e8bd37,
        type: 3}
      propertyPath: m_ColliderPaths.Array.data[0].m_ColliderPaths.Array.data[0].Array.data[9].Y
      value: -75312525
      objectReference: {fileID: 0}
    - target: {fileID: 4165080359274583341, guid: 05e9a846e5c554440abb7c5d77e8bd37,
        type: 3}
      propertyPath: m_ColliderPaths.Array.data[0].m_ColliderPaths.Array.data[0].Array.data[10].X
      value: 30000029
      objectReference: {fileID: 0}
    - target: {fileID: 4165080359274583341, guid: 05e9a846e5c554440abb7c5d77e8bd37,
        type: 3}
      propertyPath: m_ColliderPaths.Array.data[0].m_ColliderPaths.Array.data[0].Array.data[10].Y
      value: -120000000
      objectReference: {fileID: 0}
    - target: {fileID: 4165080359274583341, guid: 05e9a846e5c554440abb7c5d77e8bd37,
        type: 3}
      propertyPath: m_ColliderPaths.Array.data[0].m_ColliderPaths.Array.data[1].Array.data[0].X
      value: -40000029
      objectReference: {fileID: 0}
    - target: {fileID: 4165080359274583341, guid: 05e9a846e5c554440abb7c5d77e8bd37,
        type: 3}
      propertyPath: m_ColliderPaths.Array.data[0].m_ColliderPaths.Array.data[1].Array.data[1].X
      value: -39999971
      objectReference: {fileID: 0}
    - target: {fileID: 4165080359274583341, guid: 05e9a846e5c554440abb7c5d77e8bd37,
        type: 3}
      propertyPath: m_ColliderPaths.Array.data[0].m_ColliderPaths.Array.data[1].Array.data[2].X
      value: -34999994
      objectReference: {fileID: 0}
    - target: {fileID: 4165080359274583341, guid: 05e9a846e5c554440abb7c5d77e8bd37,
        type: 3}
      propertyPath: m_ColliderPaths.Array.data[0].m_ColliderPaths.Array.data[1].Array.data[2].Y
      value: -75312488
      objectReference: {fileID: 0}
    - target: {fileID: 4165080359274583341, guid: 05e9a846e5c554440abb7c5d77e8bd37,
        type: 3}
      propertyPath: m_ColliderPaths.Array.data[0].m_ColliderPaths.Array.data[1].Array.data[3].Y
      value: -74999988
      objectReference: {fileID: 0}
    - target: {fileID: 4165080359274583341, guid: 05e9a846e5c554440abb7c5d77e8bd37,
        type: 3}
      propertyPath: m_ColliderPaths.Array.data[0].m_ColliderPaths.Array.data[1].Array.data[4].X
      value: -34687471
      objectReference: {fileID: 0}
    - target: {fileID: 4165080359274583341, guid: 05e9a846e5c554440abb7c5d77e8bd37,
        type: 3}
      propertyPath: m_ColliderPaths.Array.data[0].m_ColliderPaths.Array.data[1].Array.data[5].Y
      value: -69999971
      objectReference: {fileID: 0}
    - target: {fileID: 4165080359274583341, guid: 05e9a846e5c554440abb7c5d77e8bd37,
        type: 3}
      propertyPath: m_ColliderPaths.Array.data[0].m_ColliderPaths.Array.data[1].Array.data[6].X
      value: -29999971
      objectReference: {fileID: 0}
    - target: {fileID: 4165080359274583341, guid: 05e9a846e5c554440abb7c5d77e8bd37,
        type: 3}
      propertyPath: m_ColliderPaths.Array.data[0].m_ColliderPaths.Array.data[1].Array.data[7].Y
      value: -65312471
      objectReference: {fileID: 0}
    - target: {fileID: 4165080359274583341, guid: 05e9a846e5c554440abb7c5d77e8bd37,
        type: 3}
      propertyPath: m_ColliderPaths.Array.data[0].m_ColliderPaths.Array.data[1].Array.data[8].X
      value: -10000029
      objectReference: {fileID: 0}
    - target: {fileID: 4165080359274583341, guid: 05e9a846e5c554440abb7c5d77e8bd37,
        type: 3}
      propertyPath: m_ColliderPaths.Array.data[0].m_ColliderPaths.Array.data[1].Array.data[9].Y
      value: -60000029
      objectReference: {fileID: 0}
    - target: {fileID: 4165080359274583341, guid: 05e9a846e5c554440abb7c5d77e8bd37,
        type: 3}
      propertyPath: m_ColliderPaths.Array.data[0].m_ColliderPaths.Array.data[1].Array.data[10].X
      value: -49999971
      objectReference: {fileID: 0}
    - target: {fileID: 4165080359274583341, guid: 05e9a846e5c554440abb7c5d77e8bd37,
        type: 3}
      propertyPath: m_CompositePaths.m_Paths.Array.data[0].Array.data[0].x
      value: 3.9999971
      objectReference: {fileID: 0}
    - target: {fileID: 4165080359274583341, guid: 05e9a846e5c554440abb7c5d77e8bd37,
        type: 3}
      propertyPath: m_CompositePaths.m_Paths.Array.data[0].Array.data[0].y
      value: -6
      objectReference: {fileID: 0}
    - target: {fileID: 4165080359274583341, guid: 05e9a846e5c554440abb7c5d77e8bd37,
        type: 3}
      propertyPath: m_CompositePaths.m_Paths.Array.data[0].Array.data[1].x
      value: 0
      objectReference: {fileID: 0}
    - target: {fileID: 4165080359274583341, guid: 05e9a846e5c554440abb7c5d77e8bd37,
        type: 3}
      propertyPath: m_CompositePaths.m_Paths.Array.data[0].Array.data[1].y
      value: -6.000003
      objectReference: {fileID: 0}
    - target: {fileID: 4165080359274583341, guid: 05e9a846e5c554440abb7c5d77e8bd37,
        type: 3}
      propertyPath: m_CompositePaths.m_Paths.Array.data[0].Array.data[2].x
      value: 0.0000029
      objectReference: {fileID: 0}
    - target: {fileID: 4165080359274583341, guid: 05e9a846e5c554440abb7c5d77e8bd37,
        type: 3}
      propertyPath: m_CompositePaths.m_Paths.Array.data[0].Array.data[2].y
      value: -6.53125
      objectReference: {fileID: 0}
    - target: {fileID: 4165080359274583341, guid: 05e9a846e5c554440abb7c5d77e8bd37,
        type: 3}
      propertyPath: m_CompositePaths.m_Paths.Array.data[0].Array.data[3].x
      value: 2
      objectReference: {fileID: 0}
    - target: {fileID: 4165080359274583341, guid: 05e9a846e5c554440abb7c5d77e8bd37,
        type: 3}
      propertyPath: m_CompositePaths.m_Paths.Array.data[0].Array.data[3].y
      value: -6.531253
      objectReference: {fileID: 0}
    - target: {fileID: 4165080359274583341, guid: 05e9a846e5c554440abb7c5d77e8bd37,
        type: 3}
      propertyPath: m_CompositePaths.m_Paths.Array.data[0].Array.data[4].x
      value: 2.0000029
      objectReference: {fileID: 0}
    - target: {fileID: 4165080359274583341, guid: 05e9a846e5c554440abb7c5d77e8bd37,
        type: 3}
      propertyPath: m_CompositePaths.m_Paths.Array.data[0].Array.data[4].y
      value: -7
      objectReference: {fileID: 0}
    - target: {fileID: 4165080359274583341, guid: 05e9a846e5c554440abb7c5d77e8bd37,
        type: 3}
      propertyPath: m_CompositePaths.m_Paths.Array.data[0].Array.data[5].x
      value: 2.46875
      objectReference: {fileID: 0}
    - target: {fileID: 4165080359274583341, guid: 05e9a846e5c554440abb7c5d77e8bd37,
        type: 3}
      propertyPath: m_CompositePaths.m_Paths.Array.data[0].Array.data[5].y
      value: -7.0000033
      objectReference: {fileID: 0}
    - target: {fileID: 4165080359274583341, guid: 05e9a846e5c554440abb7c5d77e8bd37,
        type: 3}
      propertyPath: m_CompositePaths.m_Paths.Array.data[0].Array.data[6].x
      value: 2.4687507
      objectReference: {fileID: 0}
    - target: {fileID: 4165080359274583341, guid: 05e9a846e5c554440abb7c5d77e8bd37,
        type: 3}
      propertyPath: m_CompositePaths.m_Paths.Array.data[0].Array.data[6].y
      value: -7.500001
      objectReference: {fileID: 0}
    - target: {fileID: 4165080359274583341, guid: 05e9a846e5c554440abb7c5d77e8bd37,
        type: 3}
      propertyPath: m_CompositePaths.m_Paths.Array.data[0].Array.data[7].x
      value: 2.5000012
      objectReference: {fileID: 0}
    - target: {fileID: 4165080359274583341, guid: 05e9a846e5c554440abb7c5d77e8bd37,
        type: 3}
      propertyPath: m_CompositePaths.m_Paths.Array.data[0].Array.data[7].y
      value: -7.5312495
      objectReference: {fileID: 0}
    - target: {fileID: 4165080359274583341, guid: 05e9a846e5c554440abb7c5d77e8bd37,
        type: 3}
      propertyPath: m_CompositePaths.m_Paths.Array.data[0].Array.data[8].x
      value: 3
      objectReference: {fileID: 0}
    - target: {fileID: 4165080359274583341, guid: 05e9a846e5c554440abb7c5d77e8bd37,
        type: 3}
      propertyPath: m_CompositePaths.m_Paths.Array.data[0].Array.data[8].y
      value: -7.531253
      objectReference: {fileID: 0}
    - target: {fileID: 4165080359274583341, guid: 05e9a846e5c554440abb7c5d77e8bd37,
        type: 3}
      propertyPath: m_CompositePaths.m_Paths.Array.data[0].Array.data[9].x
      value: 3.0000029
      objectReference: {fileID: 0}
    - target: {fileID: 4165080359274583341, guid: 05e9a846e5c554440abb7c5d77e8bd37,
        type: 3}
      propertyPath: m_CompositePaths.m_Paths.Array.data[0].Array.data[9].y
      value: -12
      objectReference: {fileID: 0}
    - target: {fileID: 4165080359274583341, guid: 05e9a846e5c554440abb7c5d77e8bd37,
        type: 3}
      propertyPath: m_CompositePaths.m_Paths.Array.data[0].Array.data[10].x
      value: 3.9999971
      objectReference: {fileID: 0}
    - target: {fileID: 4165080359274583341, guid: 05e9a846e5c554440abb7c5d77e8bd37,
        type: 3}
      propertyPath: m_CompositePaths.m_Paths.Array.data[0].Array.data[10].y
      value: -12
      objectReference: {fileID: 0}
    - target: {fileID: 4165080359274583341, guid: 05e9a846e5c554440abb7c5d77e8bd37,
        type: 3}
      propertyPath: m_CompositePaths.m_Paths.Array.data[1].Array.data[0].x
      value: -3.9999971
      objectReference: {fileID: 0}
    - target: {fileID: 4165080359274583341, guid: 05e9a846e5c554440abb7c5d77e8bd37,
        type: 3}
      propertyPath: m_CompositePaths.m_Paths.Array.data[1].Array.data[1].x
      value: -3.4999993
      objectReference: {fileID: 0}
    - target: {fileID: 4165080359274583341, guid: 05e9a846e5c554440abb7c5d77e8bd37,
        type: 3}
      propertyPath: m_CompositePaths.m_Paths.Array.data[1].Array.data[1].y
      value: -7.531249
      objectReference: {fileID: 0}
    - target: {fileID: 4165080359274583341, guid: 05e9a846e5c554440abb7c5d77e8bd37,
        type: 3}
      propertyPath: m_CompositePaths.m_Paths.Array.data[1].Array.data[2].y
      value: -7.4999986
      objectReference: {fileID: 0}
    - target: {fileID: 4165080359274583341, guid: 05e9a846e5c554440abb7c5d77e8bd37,
        type: 3}
      propertyPath: m_CompositePaths.m_Paths.Array.data[1].Array.data[3].x
      value: -3.4687471
      objectReference: {fileID: 0}
    - target: {fileID: 4165080359274583341, guid: 05e9a846e5c554440abb7c5d77e8bd37,
        type: 3}
      propertyPath: m_CompositePaths.m_Paths.Array.data[1].Array.data[4].y
      value: -6.9999967
      objectReference: {fileID: 0}
    - target: {fileID: 4165080359274583341, guid: 05e9a846e5c554440abb7c5d77e8bd37,
        type: 3}
      propertyPath: m_CompositePaths.m_Paths.Array.data[1].Array.data[5].x
      value: -2.9999971
      objectReference: {fileID: 0}
    - target: {fileID: 4165080359274583341, guid: 05e9a846e5c554440abb7c5d77e8bd37,
        type: 3}
      propertyPath: m_CompositePaths.m_Paths.Array.data[1].Array.data[6].y
      value: -6.531247
      objectReference: {fileID: 0}
    - target: {fileID: 4165080359274583341, guid: 05e9a846e5c554440abb7c5d77e8bd37,
        type: 3}
      propertyPath: m_CompositePaths.m_Paths.Array.data[1].Array.data[7].x
      value: -1.0000029
      objectReference: {fileID: 0}
    - target: {fileID: 4165080359274583341, guid: 05e9a846e5c554440abb7c5d77e8bd37,
        type: 3}
      propertyPath: m_CompositePaths.m_Paths.Array.data[1].Array.data[8].y
      value: -6.000003
      objectReference: {fileID: 0}
    - target: {fileID: 4165080359274583341, guid: 05e9a846e5c554440abb7c5d77e8bd37,
        type: 3}
      propertyPath: m_CompositePaths.m_Paths.Array.data[1].Array.data[9].x
      value: -4.999997
      objectReference: {fileID: 0}
    - target: {fileID: 4165080359274583341, guid: 05e9a846e5c554440abb7c5d77e8bd37,
        type: 3}
      propertyPath: m_CompositePaths.m_Paths.Array.data[1].Array.data[10].x
      value: -4.000003
      objectReference: {fileID: 0}
    m_RemovedComponents: []
  m_SourcePrefab: {fileID: 100100000, guid: 05e9a846e5c554440abb7c5d77e8bd37, type: 3}
--- !u!4 &7591700674753534257 stripped
Transform:
  m_CorrespondingSourceObject: {fileID: 4165080358267396050, guid: 05e9a846e5c554440abb7c5d77e8bd37,
    type: 3}
  m_PrefabInstance: {fileID: 5806957473214170851}
  m_PrefabAsset: {fileID: 0}
--- !u!1001 &8559478274823798352
PrefabInstance:
  m_ObjectHideFlags: 0
  serializedVersion: 2
  m_Modification:
    m_TransformParent: {fileID: 1346071255}
    m_Modifications:
    - target: {fileID: 8045640855858915157, guid: fd3ffbfd698f56c41a167d67de31143f,
        type: 3}
      propertyPath: m_Name
      value: ChunkEnd
      objectReference: {fileID: 0}
    - target: {fileID: 8045640855858915157, guid: fd3ffbfd698f56c41a167d67de31143f,
        type: 3}
      propertyPath: m_IsActive
      value: 0
      objectReference: {fileID: 0}
    - target: {fileID: 8045640855858915156, guid: fd3ffbfd698f56c41a167d67de31143f,
        type: 3}
      propertyPath: m_LocalPosition.x
      value: 0
      objectReference: {fileID: 0}
    - target: {fileID: 8045640855858915156, guid: fd3ffbfd698f56c41a167d67de31143f,
        type: 3}
      propertyPath: m_LocalPosition.y
      value: -6
      objectReference: {fileID: 0}
    - target: {fileID: 8045640855858915156, guid: fd3ffbfd698f56c41a167d67de31143f,
        type: 3}
      propertyPath: m_LocalPosition.z
      value: 0
      objectReference: {fileID: 0}
    - target: {fileID: 8045640855858915156, guid: fd3ffbfd698f56c41a167d67de31143f,
        type: 3}
      propertyPath: m_LocalRotation.x
      value: -0
      objectReference: {fileID: 0}
    - target: {fileID: 8045640855858915156, guid: fd3ffbfd698f56c41a167d67de31143f,
        type: 3}
      propertyPath: m_LocalRotation.y
      value: -0
      objectReference: {fileID: 0}
    - target: {fileID: 8045640855858915156, guid: fd3ffbfd698f56c41a167d67de31143f,
        type: 3}
      propertyPath: m_LocalRotation.z
      value: -0
      objectReference: {fileID: 0}
    - target: {fileID: 8045640855858915156, guid: fd3ffbfd698f56c41a167d67de31143f,
        type: 3}
      propertyPath: m_LocalRotation.w
      value: 1
      objectReference: {fileID: 0}
    - target: {fileID: 8045640855858915156, guid: fd3ffbfd698f56c41a167d67de31143f,
        type: 3}
      propertyPath: m_RootOrder
      value: 2
      objectReference: {fileID: 0}
    - target: {fileID: 8045640855858915156, guid: fd3ffbfd698f56c41a167d67de31143f,
        type: 3}
      propertyPath: m_LocalEulerAnglesHint.x
      value: 0
      objectReference: {fileID: 0}
    - target: {fileID: 8045640855858915156, guid: fd3ffbfd698f56c41a167d67de31143f,
        type: 3}
      propertyPath: m_LocalEulerAnglesHint.y
      value: 0
      objectReference: {fileID: 0}
    - target: {fileID: 8045640855858915156, guid: fd3ffbfd698f56c41a167d67de31143f,
        type: 3}
      propertyPath: m_LocalEulerAnglesHint.z
      value: 0
      objectReference: {fileID: 0}
    - target: {fileID: 8045640856988790187, guid: fd3ffbfd698f56c41a167d67de31143f,
        type: 3}
      propertyPath: m_ColliderPaths.Array.size
      value: 0
      objectReference: {fileID: 0}
    m_RemovedComponents: []
  m_SourcePrefab: {fileID: 100100000, guid: fd3ffbfd698f56c41a167d67de31143f, type: 3}
--- !u!1001 &9215538473494854994
PrefabInstance:
  m_ObjectHideFlags: 0
  serializedVersion: 2
  m_Modification:
    m_TransformParent: {fileID: 2139266648}
    m_Modifications:
    - target: {fileID: 9215538473093375926, guid: a3f959b68a517d141af5069d24110d7a,
        type: 3}
      propertyPath: m_Name
      value: CinemachineCamera
      objectReference: {fileID: 0}
    - target: {fileID: 9215538473093375924, guid: a3f959b68a517d141af5069d24110d7a,
        type: 3}
      propertyPath: m_LocalPosition.x
      value: -0.5
      objectReference: {fileID: 0}
    - target: {fileID: 9215538473093375924, guid: a3f959b68a517d141af5069d24110d7a,
        type: 3}
      propertyPath: m_LocalPosition.y
      value: 15.5390005
      objectReference: {fileID: 0}
    - target: {fileID: 9215538473093375924, guid: a3f959b68a517d141af5069d24110d7a,
        type: 3}
      propertyPath: m_LocalPosition.z
      value: -10
      objectReference: {fileID: 0}
    - target: {fileID: 9215538473093375924, guid: a3f959b68a517d141af5069d24110d7a,
        type: 3}
      propertyPath: m_LocalRotation.x
      value: -0
      objectReference: {fileID: 0}
    - target: {fileID: 9215538473093375924, guid: a3f959b68a517d141af5069d24110d7a,
        type: 3}
      propertyPath: m_LocalRotation.y
      value: -0
      objectReference: {fileID: 0}
    - target: {fileID: 9215538473093375924, guid: a3f959b68a517d141af5069d24110d7a,
        type: 3}
      propertyPath: m_LocalRotation.z
      value: -0
      objectReference: {fileID: 0}
    - target: {fileID: 9215538473093375924, guid: a3f959b68a517d141af5069d24110d7a,
        type: 3}
      propertyPath: m_LocalRotation.w
      value: 1
      objectReference: {fileID: 0}
    - target: {fileID: 9215538473093375924, guid: a3f959b68a517d141af5069d24110d7a,
        type: 3}
      propertyPath: m_RootOrder
      value: 0
      objectReference: {fileID: 0}
    - target: {fileID: 9215538473093375924, guid: a3f959b68a517d141af5069d24110d7a,
        type: 3}
      propertyPath: m_LocalEulerAnglesHint.x
      value: 0
      objectReference: {fileID: 0}
    - target: {fileID: 9215538473093375924, guid: a3f959b68a517d141af5069d24110d7a,
        type: 3}
      propertyPath: m_LocalEulerAnglesHint.y
      value: 0
      objectReference: {fileID: 0}
    - target: {fileID: 9215538473093375924, guid: a3f959b68a517d141af5069d24110d7a,
        type: 3}
      propertyPath: m_LocalEulerAnglesHint.z
      value: 0
      objectReference: {fileID: 0}
    - target: {fileID: 9215538473093375927, guid: a3f959b68a517d141af5069d24110d7a,
        type: 3}
      propertyPath: m_Follow
      value: 
      objectReference: {fileID: 1394353312}
    - target: {fileID: 9215538473093375925, guid: a3f959b68a517d141af5069d24110d7a,
        type: 3}
      propertyPath: m_BoundingShape2D
      value: 
      objectReference: {fileID: 1346071257}
    - target: {fileID: 9215538473093375930, guid: a3f959b68a517d141af5069d24110d7a,
        type: 3}
      propertyPath: _collider
      value: 
      objectReference: {fileID: 1346071257}
    m_RemovedComponents: []
  m_SourcePrefab: {fileID: 100100000, guid: a3f959b68a517d141af5069d24110d7a, type: 3}
